<?xml version="1.0" encoding="UTF-8"?><record xmlns="http://www.loc.gov/MARC21/slim" xmlns:cinclude="http://apache.org/cocoon/include/1.0" xmlns:zs="http://www.loc.gov/zing/srw/">
  <leader>00552cz  a2200157n  4500</leader>
  <controlfield tag="001">n  84193680 </controlfield>
  <controlfield tag="003">DLC</controlfield>
  <controlfield tag="005">20000525064538.0</controlfield>
  <controlfield tag="008">850114n| acannaabn          |a aaa      </controlfield>
  <datafield tag="010" ind1=" " ind2=" ">
    <subfield code="a">n  84193680 </subfield>
  </datafield>
  <datafield tag="035" ind1=" " ind2=" ">
    <subfield code="a">(OCoLC)oca01269927</subfield>
  </datafield>
  <datafield tag="040" ind1=" " ind2=" ">
    <subfield code="a">DLC</subfield>
    <subfield code="b">eng</subfield>
    <subfield code="c">DLC</subfield>
    <subfield code="d">DLC</subfield>
    <subfield code="d">OCoLC</subfield>
  </datafield>
  <datafield tag="100" ind1="1" ind2=" ">
    <subfield code="a">López Navarro, Tomás</subfield>
  </datafield>
  <datafield tag="400" ind1="1" ind2=" ">
    <subfield code="a">Navarro, Tomás López</subfield>
  </datafield>
  <datafield tag="670" ind1=" " ind2=" ">
    <subfield code="a">His Orígenes de la formalidad de los metales en frío, 1984:</subfield>
    <subfield code="b">t.p. (Tomás López Navarro)</subfield>
  </datafield>
  <datafield tag="670" ind1=" " ind2=" ">
    <subfield code="a">Les reixes dels vapors ... 1991:</subfield>
    <subfield code="b">t.p. (Tomás López Navarro) cover, p. 2 (b. 1918)</subfield>
  </datafield>
</record>